<?xml version="1.0" encoding="UTF-8"?><collection><record><leader>02543ntm a2200385 a 4500</leader><controlfield tag="001">002580184</controlfield><controlfield tag="003">MiAaHDL</controlfield><controlfield tag="005">20190719000000.0</controlfield><controlfield tag="006">m        d        </controlfield><controlfield tag="007">cr bn ---auaua</controlfield><controlfield tag="008">921201s18uu    xx            00||  ara d</controlfield><datafield tag="035" ind1=" " ind2=" "><subfield code="a">(MiU)002580184</subfield></datafield><datafield tag="035" ind1=" " ind2=" "><subfield code="a">sdr-miu002580184</subfield></datafield><datafield tag="035" ind1=" " ind2=" "><subfield code="a">(RLIN)MIUH92-A29</subfield></datafield><datafield tag="040" ind1=" " ind2=" "><subfield code="a">MiU</subfield><subfield code="c">MiU</subfield><subfield code="e">appm</subfield><subfield code="d">MiU</subfield></datafield><datafield tag="100" ind1="1" ind2=" "><subfield code="6">880-01</subfield><subfield code="a">Farghānī, Aḥmad ibn Muḥammad ibn Kathīr,</subfield><subfield code="d">fl. ca. 815.</subfield></datafield><datafield tag="240" ind1="1" ind2="0"><subfield code="6">880-02</subfield><subfield code="a">Kitāb fī jawāmiʻ ʻilm al-nujūm wa-uṣūl al-ḥarakāt al-samāwīyah</subfield></datafield><datafield tag="245" ind1="1" ind2="0"><subfield code="6">880-03</subfield><subfield code="a">Jawāmiʻ ʻulūm al-nujūm wa-uṣūl al-ḥarakāt al-samāwīyah :</subfield><subfield code="k">manuscript,</subfield><subfield code="f">[19th century?].</subfield></datafield><datafield tag="300" ind1=" " ind2=" "><subfield code="a">1</subfield><subfield code="f">v. ([65] p. on 17 lvs.) ;</subfield><subfield code="c">25 cm.</subfield></datafield><datafield tag="500" ind1=" " ind2=" "><subfield code="a">Watermark: Andrea Galvani of Pordenone. See Edward Heawood, Watermarks, Mainly of the 17th and 18th Centuries (Hilversum, 1950), p. 36 and no. 860.</subfield></datafield><datafield tag="500" ind1=" " ind2=" "><subfield code="a">Text rubricated; borders drawn in pencil.</subfield></datafield><datafield tag="500" ind1=" " ind2=" "><subfield code="a">Text (not this copy) published.</subfield></datafield><datafield tag="510" ind1="4" ind2=" "><subfield code="a">GAL,</subfield><subfield code="c">v. I, p. 249; GAL, Suppl. I, p. 393; King, Survey, p. 34; Dict. Sci. Biog., v. 4, pp. 541a-545a.</subfield></datafield><datafield tag="520" ind1=" " ind2=" "><subfield code="a">A summary of Ptolemy's Almagest, "Al-Farghānī's best-known and most influential work ... a comprehensive account of the elements of Ptolemaic astronomy that is entirely descriptive and nonmathematical." A. I. Sabra, "Al-Farghānī," Dictionary of Scientific Biography (New York, 1971), v. 4, pp. 541a-545a.</subfield></datafield><datafield tag="538" ind1=" " ind2=" "><subfield code="a">Mode of access: Internet.</subfield></datafield><datafield tag="541" ind1=" " ind2=" "><subfield code="d">07/--/36</subfield><subfield code="3">Manuscript</subfield><subfield code="a">McGregor Fund</subfield><subfield code="c">Purchase, 1933/34</subfield></datafield><datafield tag="545" ind1=" " ind2=" "><subfield code="a">Astronomer-astrologer at Baghdād in employ of ʻAbbāsid caliph al-Maʾmūn.</subfield></datafield><datafield tag="561" ind1=" " ind2=" "><subfield code="a">Purchased in Cairo, 1933/34. Owners' marks: name of copyist on p. [1]: hādhā kitāb nassakhahu al-mutawakkil ʻalá Allāh ʻAbd al-Ḥamīd Mūsá; on p. [1], manuscript notes in handwriting of Max Meyerhof.</subfield></datafield><datafield tag="600" ind1="0" ind2="0"><subfield code="a">Ptolemy,</subfield><subfield code="d">active 2nd century.</subfield><subfield code="t">Almagest.</subfield></datafield><datafield tag="650" ind1=" " ind2="0"><subfield code="a">Astronomy, Arab</subfield><subfield code="y">Early works to 1800.</subfield></datafield><datafield tag="650" ind1=" " ind2="0"><subfield code="a">Manuscripts, Arabic</subfield><subfield code="z">Michigan</subfield><subfield code="z">Ann Arbor.</subfield></datafield><datafield tag="700" ind1="1" ind2=" "><subfield code="a">Meyerhof, Max,</subfield><subfield code="d">1874-1945,</subfield><subfield code="e">former owner.</subfield></datafield><datafield tag="773" ind1="0" ind2=" "><subfield code="a">Tracy W. McGregor Collection of Arabic, Persian, and Turkish Mathematical and Astronomical Manuscripts.</subfield><subfield code="7">unbc</subfield><subfield code="w">(CStRLIN)MIUH92-A20.</subfield></datafield><datafield tag="880" ind1="1" ind2="0"><subfield code="6">245-03/</subfield><subfield code="a">جوامع علوم النجوم وأصول الحركات السموية :</subfield><subfield code="k">manuscript،</subfield><subfield code="f">[القرن 19م؟].</subfield></datafield><datafield tag="880" ind1="1" ind2="0"><subfield code="6">240-02/</subfield><subfield code="a">كتاب في جوامع علم النجوم وأصول الحركات السموية</subfield></datafield><datafield tag="880" ind1="0" ind2=" "><subfield code="6">100-01/</subfield><subfield code="a">أحمد بن محمد بن كثير الفرغاني.</subfield></datafield><datafield tag="CID" ind1=" " ind2=" "><subfield code="a">002580184</subfield></datafield><datafield tag="DAT" ind1="0" ind2=" "><subfield code="a">20190719102632.0</subfield><subfield code="b">20190719000000.0</subfield></datafield><datafield tag="DAT" ind1="1" ind2=" "><subfield code="a">20190719090653.0</subfield><subfield code="b">2019-07-19T16:10:35Z</subfield></datafield><datafield tag="DAT" ind1="2" ind2=" "><subfield code="a">2015-10-02T18:00:03Z</subfield><subfield code="b">2014-03-05T21:00:03Z</subfield></datafield><datafield tag="CAT" ind1=" " ind2=" "><subfield code="a">SDR-MIU</subfield><subfield code="d">EX LIBRIS - ALEPH</subfield><subfield code="l">prepare.pl-004-008</subfield></datafield><datafield tag="FMT" ind1=" " ind2=" "><subfield code="a">BK</subfield></datafield><datafield tag="HOL" ind1=" " ind2=" "><subfield code="0">sdr-miu002580184</subfield><subfield code="a">MiU</subfield><subfield code="b">SDR</subfield><subfield code="c">MIU</subfield><subfield code="p">mdp.39015081446729</subfield><subfield code="s">MIU</subfield><subfield code="1">002580184</subfield></datafield><datafield tag="974" ind1=" " ind2=" "><subfield code="b">MIU</subfield><subfield code="c">MIU</subfield><subfield code="d">20190719</subfield><subfield code="s">lit-dlps-dc</subfield><subfield code="u">mdp.39015081446729</subfield><subfield code="y">1899</subfield><subfield code="r">pd</subfield><subfield code="q">exp</subfield></datafield></record></collection>